<?xml version="1.0" encoding="UTF-8"?><collection xmlns="http://www.loc.gov/MARC21/slim"><record><leader>00448nam--2200145-i-4500</leader><controlfield tag="001">000030294</controlfield><controlfield tag="002">20161230</controlfield><controlfield tag="005">20161230201038</controlfield><controlfield tag="008">060222s1000------------r-----000-0-eng-d</controlfield><datafield ind1=" " ind2=" " tag="080"><subfield code="a">548.5</subfield></datafield><datafield ind1=" " ind2=" " tag="245"><subfield code="a">Preparation and crystal growth of materials with layered structures</subfield></datafield><datafield ind1=" " ind2=" " tag="260"><subfield code="a">Dordrecht, D.Riedel Publishing Company, 1977. 280p</subfield></datafield><datafield ind1=" " ind2=" " tag="490"><subfield code="a">Physics And Chemistry Of Materials With Layered Structures</subfield></datafield><datafield ind1=" " ind2=" " tag="700"><subfield code="a">Lieht, R.M.A</subfield></datafield><datafield ind1=" " ind2=" " tag="852"><subfield code="a">70462</subfield></datafield></record></collection>